<?xml version="1.0" encoding="UTF-8"?><collection><record><leader>08704ntm a2200613 a 4500</leader><controlfield tag="001">006815280</controlfield><controlfield tag="003">MiAaHDL</controlfield><controlfield tag="005">20190719000000.0</controlfield><controlfield tag="006">m        d        </controlfield><controlfield tag="007">cr bn ---auaua</controlfield><controlfield tag="008">090610q16001630xx            ||| | ara d</controlfield><datafield tag="035" ind1=" " ind2=" "><subfield code="a">(MiU)006815280</subfield></datafield><datafield tag="035" ind1=" " ind2=" "><subfield code="a">sdr-miu006815280</subfield></datafield><datafield tag="040" ind1=" " ind2=" "><subfield code="a">MiU</subfield><subfield code="c">MiU</subfield><subfield code="e">amremm</subfield></datafield><datafield tag="043" ind1=" " ind2=" "><subfield code="a">n-us-mi</subfield></datafield><datafield tag="100" ind1="1" ind2=" "><subfield code="6">880-01</subfield><subfield code="a">Laqānī, Ibrāhīm ibn Ibrāhīm,</subfield><subfield code="d">-1631 or 1632.</subfield></datafield><datafield tag="240" ind1="1" ind2="0"><subfield code="6">880-02</subfield><subfield code="a">Hidāyat al-murīd li-Jawharat al-tawḥīd</subfield></datafield><datafield tag="245" ind1="1" ind2="0"><subfield code="6">880-03</subfield><subfield code="a">Hādhā Kitāb Hidāyat al-murīd li-Jawharat al-tawḥīd,</subfield><subfield code="f">[early 17th century].</subfield></datafield><datafield tag="246" ind1="3" ind2=" "><subfield code="i">Edge title (tail):</subfield><subfield code="a">شرح الجوهرة للتوحيد</subfield></datafield><datafield tag="260" ind1=" " ind2=" "><subfield code="c">[1600-1630].</subfield></datafield><datafield tag="300" ind1=" " ind2=" "><subfield code="a">315 leaves :</subfield><subfield code="b">paper ;</subfield><subfield code="c">203 x 155 (155 x 95) mm. bound to 210 x 162 mm.</subfield></datafield><datafield tag="500" ind1=" " ind2=" "><subfield code="a">Shelfmark: Ann Arbor, University of Michigan, Special Collections Library, Isl. Ms. 644</subfield></datafield><datafield tag="500" ind1=" " ind2=" "><subfield code="a">Origin: As appears in colophon on pp.624-625, copied by Ṣāliḥ ibn Tāj al-Dīn ibn Aḥmad ibn Yāsīn al-Wāṭī [?] al-Mālikī from the author's copy in his own hand ("nuskhat al-muʼallif ... ʻallaqahu jāmiʻuh ... bi-yadih al-fāniyah") with transcription supposedly completed 8 Rabīʻ I 1021 [ca. 9 May 1612]. As appears in preceding authorial colophon on p.625, composition (jamʻ) and transcription of the author's copy completed 1 Ṣafar 1029 [ca. 7 January 1620]. It seems likely that the copyist mistakenly repeated عشرين when listing the date of transcription for this copy and may have intended ثلاثين (implying 1031, i.e. 1622) or another decade, though paper, etc. do suggest early 17th century.</subfield></datafield><datafield tag="500" ind1=" " ind2=" "><subfield code="a">Accompanying materials: a. Acquisitions slip from Yahuda -- b. Inventory cataloguing slip in hand of Winifred Smeaton Thomas.</subfield></datafield><datafield tag="500" ind1=" " ind2=" "><subfield code="a">Former shelfmark: From interior of upper cover and lower cover "IL 405" (likely supplied by Yahuda, see acquisitions slip).</subfield></datafield><datafield tag="500" ind1=" " ind2=" "><subfield code="a">Binding: Pasteboards covered in well-worn paper (likely once marbled, compare envelope flap) with red leather over spine and fore edge flap ; Type II binding (with flap) ; board linings in yellow laid paper ; no evidence of having ever been sewn ; over all in poor condition with much abrasion, staining and moisture damage, lifting and losses of paper and leather, etc. ; ill-fitting and serving as wrapper for the unsewn gatherings (never attached to textblock).</subfield></datafield><datafield tag="500" ind1=" " ind2=" "><subfield code="a">Support: European laid paper with 10 laid lines per cm. (vertical), chain lines spaced 23-25 mm. apart (horizontal), crown-star-crescent watermark with "CD" [?] below (92 mm. tall, see pp.10-11) ; well-sized and burnished (even glazed to glossy), cream in color, fairly thick and sturdy ; some staining.</subfield></datafield><datafield tag="500" ind1=" " ind2=" "><subfield code="a">Decoration: Headings, keywords and abbreviation symbols (mainly sigla) rubricated.</subfield></datafield><datafield tag="500" ind1=" " ind2=" "><subfield code="a">Script: Naskh ; clear Egyptian, 'Syrian' or Ḥijāzī [?] hand ; mainly serifless but with head-serif on occasional free-standing alif, very slight effect of tilt to the left, pointing in distinct dots and often slanted down toward baseline (alif maqṣūrah pointed as yāʼ), some elongation of horizontal strokes, a mix of closed and open counters.</subfield></datafield><datafield tag="500" ind1=" " ind2=" "><subfield code="a">Layout: Written in 23 lines per page ; frame-ruled.</subfield></datafield><datafield tag="500" ind1=" " ind2=" "><subfield code="a">Collation: 2 V(20), IV (28), 6 V(88), IV (96), 5 V(146), IV (154), 10 V(254), IV (262), V (272), IV (280), 3 V(310), 1 (311), II (315) ; chiefly quinions ; catchwords present ; foliation in black ink, Hindu-Arabic numerals ; pagination in pencil, Western numerals, supplied during digitization (skips two pages each between pp.555-56 and pp.585-86).</subfield></datafield><datafield tag="500" ind1=" " ind2=" "><subfield code="a">Colophon: "Scribal," reads "وكان الفراغ من كتابة هذه النسخة في يوم الخميس المبارك قبل الزوال ثامن شهر ربيع الاول الذي هو من شهور سنة احدى وعشرين [ثلاثين ؟] والف من الهجرة النبوية على صاحبها افضل الصلاة والسلام علقه بيده الفانية افقر الخلق الى ربه العظيم صالح بن تاج الدين بن احمد بن يس الواطي بلدا المالكي مذهبا غفر الله له ولوالديه ... هذا واني التمس من فضل من وقف على هذا الكتاب ان يدعو لكاتبه ... وختم لي .. وله الحظ العظيم الاوفي في القبر وفي المقر الجليل الاسنى بمنه وكرمه امين امين تم اودعت في هذا الكتاب شهادة ... من ذلك الذي ما ساقط ومن له الحسنى فقط محمد الهادي الذي عليه جبريل هبط"</subfield></datafield><datafield tag="500" ind1=" " ind2=" "><subfield code="a">Explicit: "مع تردد فيما بين عثمان وعلي والاصح تفصيل عثمان على علي رضي الله عنهم اجمعين وهنا ذكرت جملة الفرق الثلاث وسبعين في تلخيص التجريد اللهم ... كما وفقتنا الوضع ما الهمتنا وجمع ما علمتنا ... سبحان ربك رب العزة عما يصفون والسلام على المرسلين والحمد لله رب العالمين وهذا اخر ما في نسخة المؤلف رحمه الله تعالى رحمة واسعة قال رحمه الله وكان الفراغ من جمعها غرة شهر صفر الخير الذي هو من شهور سنة تسع وعشرين والف ثم قال علقه جامعه الحقير ابراهيم اللقاني المالكي بيده الفانية ... امين انتهى"</subfield></datafield><datafield tag="500" ind1=" " ind2=" "><subfield code="a">Incipit: "وصلى على سيدنا محمد صاحب الخلق ... الحمد لله الذي تفرد بوجوب وجوده ففاضت الحوادث كلها عن كرمه وجوده ... اما بعد فان افضل العلوم علم دين الله وشرائعه فان به حفظ الايمان والاسلام الذين هما من اجل ودائعه و افضله علم العقائد ... وقد وضعت فيه منظومتي المسماة بجوهرة التوحيد ... وشرحتها قبل هذا شرحين جليلين احدهما عمدة المريد وثانيهما تلخيص التجريد ثم ادركتني رحمة الضعاف ... حين طلب مني جماعة من الاخوان وجملة من الخلان شرحا لها لا يكون قاصرا عن افادة المقاصرين خاليا عن الاسهاب والاطناب ... فاجبتهم الى ذلك واثقا باقدار الكريم المالك ومسميا له بهداية المريد بجوهرة التوحيد ..."</subfield></datafield><datafield tag="500" ind1=" " ind2=" "><subfield code="a">Title from inscription on 'title page' (p.1) and opening matter (preface) on p.8.</subfield></datafield><datafield tag="500" ind1=" " ind2=" "><subfield code="a">Ms. codex.</subfield></datafield><datafield tag="510" ind1="4" ind2=" "><subfield code="a">Ḥājjī Khalīfah. Kashf al-ẓunūn,</subfield><subfield code="c">ii 654</subfield></datafield><datafield tag="510" ind1="4" ind2=" "><subfield code="a">Brockelmann, C. GAL,</subfield><subfield code="c">II 316 (I. cmtre. a.)</subfield></datafield><datafield tag="520" ind1="8" ind2=" "><subfield code="a">Fine early copy of Ibrāhīm ibn Ibrāhīm al-Laqānī's (d.1631 or 2) third commentary (after his ʻUmdat al-murīd and Talkhīṣ al-tajrīd, see opening matter on p.8) upon his Jawharat al-tawḥīd, a theological poem.</subfield></datafield><datafield tag="538" ind1=" " ind2=" "><subfield code="a">Mode of access: Internet.</subfield></datafield><datafield tag="541" ind1=" " ind2=" "><subfield code="a">Acquired in 1926 from the bookseller Isaac Benjamin S.E. Yahuda via purchase transacted on his behalf by his younger brother, the famous Orientalist and manuscript collector Abraham Shalom Yahuda (1877-1951).</subfield></datafield><datafield tag="546" ind1=" " ind2=" "><subfield code="a">Arabic.</subfield></datafield><datafield tag="561" ind1=" " ind2=" "><subfield code="a">Ownership / loan statement on 'title page' (p.1) indicating the book was borrowed from one al-Shaykh Jawdī [?] al-Sanbūskī [?] reads "الحمد لله هذا الكتاب للشيخ جودى السنبوسكي [؟] المعروف بابن خليل فهو عندي عارية كتبه الفقير ...؟" ; occasional marginal corrections (with signes de renvoi).</subfield></datafield><datafield tag="600" ind1="1" ind2="0"><subfield code="a">Laqānī, Ibrāhīm ibn Ibrāhīm,</subfield><subfield code="d">d. 1631 or 2.</subfield><subfield code="t">Jawharat al-tawḥīd.</subfield></datafield><datafield tag="650" ind1=" " ind2="0"><subfield code="a">Manuscripts, Arabic</subfield><subfield code="z">Michigan</subfield><subfield code="z">Ann Arbor.</subfield></datafield><datafield tag="650" ind1=" " ind2="0"><subfield code="a">Islam</subfield><subfield code="x">Doctrines</subfield><subfield code="v">Early works to 1800.</subfield></datafield><datafield tag="650" ind1=" " ind2="0"><subfield code="a">God (Islam)</subfield><subfield code="x">Attributes</subfield><subfield code="v">Early works to 1800.</subfield></datafield><datafield tag="650" ind1=" " ind2="0"><subfield code="a">God</subfield><subfield code="x">Simplicity</subfield><subfield code="v">Early works to 1800.</subfield></datafield><datafield tag="700" ind1="0" ind2=" "><subfield code="6">880-04</subfield><subfield code="a">Ṣāliḥ ibn Tāj al-Dīn ibn Aḥmad ibn Yāsīn al-Wāṭī al-Mālikī,</subfield><subfield code="d">fl. ca.1622?,</subfield><subfield code="t">scribe.</subfield></datafield><datafield tag="773" ind1="0" ind2=" "><subfield code="a">Yahuda Collection.</subfield></datafield><datafield tag="880" ind1="0" ind2=" "><subfield code="6">700-04/</subfield><subfield code="a">صالح بن تاج الدين بن احمد بن يس الواطي المالكي,</subfield><subfield code="t">ناسخ.</subfield></datafield><datafield tag="880" ind1="1" ind2="0"><subfield code="6">245-03/</subfield><subfield code="a">هذا كتاب هداية المريد لجوهرة التوحيد,</subfield><subfield code="f">[اواخر القرن 17م].</subfield></datafield><datafield tag="880" ind1="1" ind2="0"><subfield code="6">240-02/</subfield><subfield code="a">هداية المريد لجوهرة التوحيد</subfield></datafield><datafield tag="880" ind1="1" ind2=" "><subfield code="6">100-01/</subfield><subfield code="a">لقاني، ابراهيم بن ابراهيم.</subfield></datafield><datafield tag="CID" ind1=" " ind2=" "><subfield code="a">006815280</subfield></datafield><datafield tag="DAT" ind1="0" ind2=" "><subfield code="a">20190719102639.0</subfield><subfield code="b">20190719000000.0</subfield></datafield><datafield tag="DAT" ind1="1" ind2=" "><subfield code="a">20190719090653.0</subfield><subfield code="b">2019-07-19T16:12:03Z</subfield></datafield><datafield tag="DAT" ind1="2" ind2=" "><subfield code="a">2015-10-02T18:00:03Z</subfield></datafield><datafield tag="CAT" ind1=" " ind2=" "><subfield code="a">SDR-MIU</subfield><subfield code="d">EX LIBRIS - ALEPH</subfield><subfield code="l">prepare.pl-004-008</subfield></datafield><datafield tag="FMT" ind1=" " ind2=" "><subfield code="a">BK</subfield></datafield><datafield tag="HOL" ind1=" " ind2=" "><subfield code="0">sdr-miu006815280</subfield><subfield code="a">MiU</subfield><subfield code="b">SDR</subfield><subfield code="c">MIU</subfield><subfield code="p">mdp.39015079129352</subfield><subfield code="s">MIU</subfield><subfield code="1">006815280</subfield></datafield><datafield tag="974" ind1=" " ind2=" "><subfield code="b">MIU</subfield><subfield code="c">MIU</subfield><subfield code="d">20190719</subfield><subfield code="s">lit-dlps-dc</subfield><subfield code="u">mdp.39015079129352</subfield><subfield code="y">1630</subfield><subfield code="r">pd</subfield><subfield code="q">bib</subfield><subfield code="t">non-US bib date2 &lt; 1896</subfield></datafield></record></collection>